@article{pb2024,
author = {Parrow, Connor and Buka\v{c}, Martina},
title = {A {R}obin-{R}obin strongly coupled partitioned method for fluid-poroelastic structure interaction},
journal = {J. Numer. Math.},
url = {https://doi.org/10.1515/jnma-2024-0057},
volume = {doi:10.1515/jnma-2024-0057},
year = {2025}
}

@unpublished{wy2022,
author  = {Wang, Xing and Yotov, Ivan},
title   = "A {L}agrange multiplier method for the fully dynamic {N}avier-{S}tokes-{B}iot system",
note = {arXiv:2503.12240 [math.NA]},
year = {2024},
}

@book{B-quarteroniv1,
	Author = {A. Quarteroni and A. Valli},
	Publisher = {Oxford Science Publications},
	Title = {Domain decomposition methods for partial differential equations},
	Year = 1999}

@article{muradg2,
	Author = {M. A. Murad and J. N. Guerreiro and A. F. D. Loula},
	Journal = {Comput. Methods Appl. Mech. Engrg.},
	Pages = {1985--2016},
	Title = {Micromechanical computational modeling of secondary consolidation and hereditary creep in soils},
	Volume = {190},
	Number = {15-17},
	Year = {2001}}

@article{muradg1,
	Author = {M. A. Murad and J. N. Guerreiro and A. F. D. Loula},
	Journal = {Math. Contemp.},
	Pages = {41--69},
	Title = {Micromechanical computational modeling of reservoir compaction and surface subsidence},
	Volume = {19},
	Year = {2000}}

@article{aeny2019,
author  = "I. Ambartsumyan and V. J. Ervin and T. Nguyen and I. Yotov",
title   = "A nonlinear {S}tokes-{B}iot model for the interaction of a non-{N}ewtonian fluid with poroelastic media",
journal  = "ESAIM Math. Model. Numer. Anal.",
fjournal = "ESAIM: Mathematical Modelling and Numerical Analysis",
volume = {53},
year = {2019},
number = {6},
pages = {1915--1955}
}

@article {akyz2018,
    AUTHOR = {Ambartsumyan, Ilona and Khattatov, Eldar and Yotov, Ivan and
              Zunino, Paolo},
     TITLE = {A {L}agrange multiplier method for a {S}tokes-{B}iot
              fluid-poroelastic structure interaction model},
   JOURNAL = {Numer. Math.},
  FJOURNAL = {Numerische Mathematik},
    VOLUME = {140},
      YEAR = {2018},
    NUMBER = {2},
     PAGES = {513--553},
      ISSN = {0029-599X,0945-3245},
   MRCLASS = {65M60 (65M12 74F10 76D07 76S05)},
  MRNUMBER = {3851065},
MRREVIEWER = {Xiaobing\ Henry\ Feng},
       DOI = {10.1007/s00211-018-0967-1},
       URL = {https://doi.org/10.1007/s00211-018-0967-1},
}

@article {apwy2007,
    AUTHOR = {Arbogast, Todd and Pencheva, Gergina and Wheeler, Mary F. and
              Yotov, Ivan},
     TITLE = {A multiscale mortar mixed finite element method},
   JOURNAL = {Multiscale Model. Simul.},
  FJOURNAL = {Multiscale Modeling \& Simulation. A SIAM Interdisciplinary
              Journal},
    VOLUME = {6},
      YEAR = {2007},
    NUMBER = {1},
     PAGES = {319--346},
      ISSN = {1540-3459,1540-3467},
   MRCLASS = {65N30 (76M10 76S05)},
  MRNUMBER = {2306414},
       DOI = {10.1137/060662587},
       URL = {https://doi.org/10.1137/060662587},
}

@article {bqq2009,
    AUTHOR = {Badia, Santiago and Quaini, Annalisa and Quarteroni, Alfio},
     TITLE = {Coupling {B}iot and {N}avier-{S}tokes equations for modelling
              fluid-poroelastic media interaction},
   JOURNAL = {J. Comput. Phys.},
  FJOURNAL = {Journal of Computational Physics},
    VOLUME = {228},
      YEAR = {2009},
    NUMBER = {21},
     PAGES = {7986--8014},
      ISSN = {0021-9991,1090-2716},
   MRCLASS = {65M60 (74F10 76D05 76S05)},
  MRNUMBER = {2573342},
       DOI = {10.1016/j.jcp.2009.07.019},
       URL = {https://doi.org/10.1016/j.jcp.2009.07.019},
}

@article{bj1967,
author  = "G.S. Beavers and D.D. Joseph",
title   = " Boundary conditions at a naturally impermeable wall",
journal  = "J. Fluid Mech.",
fjournal = "Journal of Fluid Mechanics",
volume = {30},
year = {1967},
pages = {197â€“207}
}

@article{b1941,
author  = "M. Biot",
title   = "General theory of three-dimensional consolidation",
journal  = "J. Appl. Phys.",
volume = {12},
year = {1941},
pages = {155-164}
}

@book {c1978,
    AUTHOR = {Ciarlet, Philippe G.},
     TITLE = {The finite element method for elliptic problems},
    SERIES = {Studies in Mathematics and its Applications},
    VOLUME = {Vol. 4},
 PUBLISHER = {North-Holland Publishing Co., Amsterdam-New York-Oxford},
      YEAR = {1978},
     PAGES = {xix+530},
      ISBN = {0-444-85028-7},
   MRCLASS = {65N30},
  MRNUMBER = {520174},
MRREVIEWER = {Josef\ Nedoma},
}

@article {gs2007,
    AUTHOR = {Galvis, Juan and Sarkis, Marcus},
     TITLE = {Non-matching mortar discretization analysis for the coupling
              {S}tokes-{D}arcy equations},
   JOURNAL = {Electron. Trans. Numer. Anal.},
  FJOURNAL = {Electronic Transactions on Numerical Analysis},
    VOLUME = {26},
      YEAR = {2007},
     PAGES = {350--384},
      ISSN = {1068-9613},
   MRCLASS = {76M25 (65N55 76D07 76S05)},
  MRNUMBER = {2391227},
MRREVIEWER = {Steve\ Wright},
}

@article {gy2009,
    AUTHOR = {Ganis, Benjamin and Yotov, Ivan},
     TITLE = {Implementation of a mortar mixed finite element method using a
              multiscale flux basis},
   JOURNAL = {Comput. Methods Appl. Mech. Engrg.},
  FJOURNAL = {Computer Methods in Applied Mechanics and Engineering},
    VOLUME = {198},
      YEAR = {2009},
    NUMBER = {49-52},
     PAGES = {3989--3998},
      ISSN = {0045-7825,1879-2138},
   MRCLASS = {76M10 (35B45 35Q35 65N30)},
  MRNUMBER = {2557486},
       DOI = {10.1016/j.cma.2009.09.009},
       URL = {https://doi.org/10.1016/j.cma.2009.09.009},
}

@article {gvy2014,
    AUTHOR = {Girault, Vivette and Vassilev, Danail and Yotov, Ivan},
     TITLE = {Mortar multiscale finite element methods for {S}tokes-{D}arcy
              flows},
   JOURNAL = {Numer. Math.},
  FJOURNAL = {Numerische Mathematik},
    VOLUME = {127},
      YEAR = {2014},
    NUMBER = {1},
     PAGES = {93--165},
      ISSN = {0029-599X,0945-3245},
   MRCLASS = {65N30 (65N12 65N55 76S05)},
  MRNUMBER = {3191218},
MRREVIEWER = {Mohammad\ Asadzadeh},
       DOI = {10.1007/s00211-013-0583-z},
       URL = {https://doi.org/10.1007/s00211-013-0583-z},
}

@article{s1971,
author  = "Philip G. Saffman",
title   = "On the boundary condition at the surface of a porous media",
journal  = "Stud. Appl. Math.",
fjournal = "Studies in Applied Mathematics",
volume = {2},
year = {1971},
pages = {93--101}
}


@incollection {s2005,
    AUTHOR = {Showalter, Ralph E.},
     TITLE = {Poroelastic filtration coupled to {S}tokes flow},
 BOOKTITLE = {Control theory of partial differential equations},
    SERIES = {Lect. Notes Pure Appl. Math.},
    VOLUME = {242},
     PAGES = {229--241},
 PUBLISHER = {Chapman \& Hall/CRC, Boca Raton, FL},
      YEAR = {2005},
      ISBN = {978-0-8247-2546-4; 0-8247-2546-8},
   MRCLASS = {76S05 (35Q35 74F10 76D07)},
  MRNUMBER = {2149168},
       DOI = {10.1201/9781420028317.ch16},
       URL = {https://doi.org/10.1201/9781420028317.ch16},
}

@article {s2010,
    AUTHOR = {Showalter, R. E.},
     TITLE = {Nonlinear degenerate evolution equations in mixed formulation},
   JOURNAL = {SIAM J. Math. Anal.},
  FJOURNAL = {SIAM Journal on Mathematical Analysis},
    VOLUME = {42},
      YEAR = {2010},
    NUMBER = {5},
     PAGES = {2114--2131},
      ISSN = {0036-1410,1095-7154},
   MRCLASS = {34G20 (34C40 35F61 47J35 76D07 76S05)},
  MRNUMBER = {2684313},
MRREVIEWER = {Pierre\ A.\ Vuillermot},
       DOI = {10.1137/100789427},
       URL = {https://doi.org/10.1137/100789427},
}

@article {vwy2014,
    AUTHOR = {Vassilev, Danail and Wang, ChangQing and Yotov, Ivan},
     TITLE = {Domain decomposition for coupled {S}tokes and {D}arcy flows},
   JOURNAL = {Comput. Methods Appl. Mech. Engrg.},
  FJOURNAL = {Computer Methods in Applied Mechanics and Engineering},
    VOLUME = {268},
      YEAR = {2014},
     PAGES = {264--283},
      ISSN = {0045-7825,1879-2138},
   MRCLASS = {76S05 (65N30 74F10 76D07)},
  MRNUMBER = {3133498},
       DOI = {10.1016/j.cma.2013.09.009},
       URL = {https://doi.org/10.1016/j.cma.2013.09.009},
}

@article {Hecht,
    AUTHOR = {Hecht, F.},
     TITLE = {New development in freefem++},
   JOURNAL = {J. Numer. Math.},
  FJOURNAL = {Journal of Numerical Mathematics},
    VOLUME = {20},
      YEAR = {2012},
    NUMBER = {3-4},
     PAGES = {251--265},
      ISSN = {1570-2820,1569-3953},
   MRCLASS = {65Y15},
  MRNUMBER = {3043640},
       DOI = {10.1515/jnum-2012-0013},
       URL = {https://doi.org/10.1515/jnum-2012-0013},
}

@article {LSY,
    AUTHOR = {Layton, William J. and Schieweck, Friedhelm and Yotov, Ivan},
     TITLE = {Coupling fluid flow with porous media flow},
   JOURNAL = {SIAM J. Numer. Anal.},
  FJOURNAL = {SIAM Journal on Numerical Analysis},
    VOLUME = {40},
      YEAR = {2002},
    NUMBER = {6},
     PAGES = {2195--2218 (2003)},
      ISSN = {0036-1429},
   MRCLASS = {76D07 (35Q30 65N30 76M10 76S05)},
  MRNUMBER = {1974181},
MRREVIEWER = {Klaus Johannsen},
       DOI = {10.1137/S0036142901392766},
       _URL = {https://doi.org/10.1137/S0036142901392766},
}

@article {Disc-Quart-Valli-2007,
    AUTHOR = {Discacciati, Marco and Quarteroni, Alfio and Valli, Alberto},
     TITLE = {Robin-{R}obin domain decomposition methods for the
              {S}tokes-{D}arcy coupling},
   JOURNAL = {SIAM J. Numer. Anal.},
  FJOURNAL = {SIAM Journal on Numerical Analysis},
    VOLUME = {45},
      YEAR = {2007},
    NUMBER = {3},
     PAGES = {1246--1268 (electronic)},
      ISSN = {0036-1429},
   MRCLASS = {65N55 (35Q35 76D07 76S05)},
  MRNUMBER = {2318811 (2008e:65390)},
MRREVIEWER = {Thomas K. Huckle},
       DOI = {10.1137/06065091X},
       _URL = {http://dx.doi.org/10.1137/06065091X},
}

@book{boffi2013mixed,
  title={Mixed finite element methods and applications},
  author={Boffi, Daniele and Brezzi, Franco and Fortin, Michel},
  volume={44},
  year={2013},
  publisher={Springer}
}

@article{cesm2017,
author  = "A. Cesmelioglu",
title   = "Analysis of the coupled {N}avier-{S}tokes/{B}iot problem",
journal  = "J. Math. Anal. Appl.",
fjournal = "Journal of Mathematical Analysis and Applications",
volume = {456},
year = {2017},
number = {2},
pages = {970--991}
}

@article {Cesm-Chid,
    AUTHOR = {Cesmelioglu, Aycil and Chidyagwai, Prince},
     TITLE = {Numerical analysis of the coupling of free fluid with a
              poroelastic material},
   JOURNAL = {Numer. Methods Partial Differential Equations},
  FJOURNAL = {Numerical Methods for Partial Differential Equations. An
              International Journal},
    VOLUME = {36},
      YEAR = {2020},
    NUMBER = {3},
     PAGES = {463--494},
      ISSN = {0749-159X},
   MRCLASS = {65M60 (65M12 74F10 76D07 76S05)},
  MRNUMBER = {4089796},
       DOI = {10.1002/num.22437},
       URL = {https://doi.org/10.1002/num.22437},
}

@incollection {Cesm-etal-optim,
    AUTHOR = {Cesmelioglu, Aycil and Lee, Hyesuk and Quaini, Annalisa and
              Wang, Kening and Yi, Son-Young},
     TITLE = {Optimization-based decoupling algorithms for a
              fluid-poroelastic system},
 BOOKTITLE = {Topics in numerical partial differential equations and
              scientific computing},
    SERIES = {IMA Vol. Math. Appl.},
    VOLUME = {160},
     PAGES = {79--98},
 PUBLISHER = {Springer, New York},
      YEAR = {2016},
   MRCLASS = {65N30 (65N22 76S05)},
  MRNUMBER = {3587878},
}

@article {Kunwar-etal,
    AUTHOR = {Kunwar, Hemanta and Lee, Hyesuk and Seelman, Kyle},
     TITLE = {Second-order time discretization for a coupled
              quasi-{N}ewtonian fluid-poroelastic system},
   JOURNAL = {Internat. J. Numer. Methods Fluids},
  FJOURNAL = {International Journal for Numerical Methods in Fluids},
    VOLUME = {92},
      YEAR = {2020},
    NUMBER = {7},
     PAGES = {687--702},
      ISSN = {0271-2091},
   MRCLASS = {76S05 (65M55)},
  MRNUMBER = {4116358},
       DOI = {10.1002/fld.4801},
       URL = {https://doi.org/10.1002/fld.4801},
}

@article{Buk-Yot-Zun-fracture,
    AUTHOR = {Buka\v{c}, Martina and Yotov, Ivan and Zunino, Paolo},
     TITLE = {Dimensional model reduction for flow through fractures in
              poroelastic media},
   JOURNAL = {ESAIM Math. Model. Numer. Anal.},
  FJOURNAL = {ESAIM. Mathematical Modelling and Numerical Analysis},
    VOLUME = {51},
      YEAR = {2017},
    NUMBER = {4},
     PAGES = {1429--1471},
      ISSN = {0764-583X},
   MRCLASS = {76S05 (65M60 74F10 76M10)},
  MRNUMBER = {3702420},
MRREVIEWER = {Adrian Muntean},
}

@article {fpsi-transport,
    AUTHOR = {Ambartsumyan, Ilona and Khattatov, Eldar and Nguyen, Truong
              and Yotov, Ivan},
     TITLE = {Flow and transport in fractured poroelastic media},
   JOURNAL = {GEM Int. J. Geomath.},
  FJOURNAL = {GEM. International Journal on Geomathematics},
    VOLUME = {10},
      YEAR = {2019},
    NUMBER = {1},
     PAGES = {1--34},
      ISSN = {1869-2672},
   MRCLASS = {65M60 (65M12 74F10 76D07 76S05)},
  MRNUMBER = {3904522},
       DOI = {10.1007/s13137-019-0119-5},
       URL = {https://doi.org/10.1007/s13137-019-0119-5},
}

@article {fpsi-mixed-elast,
    AUTHOR = {Li, Tongtong and Yotov, Ivan},
     TITLE = {A mixed elasticity formulation for fluid--poroelastic
              structure interaction},
   JOURNAL = {ESAIM Math. Model. Numer. Anal.},
  FJOURNAL = {ESAIM. Mathematical Modelling and Numerical Analysis},
    VOLUME = {56},
      YEAR = {2022},
    NUMBER = {1},
     PAGES = {01--40},
      ISSN = {0764-583X},
   MRCLASS = {65M60 (35M33 65M12 74 76D07 76S05)},
  MRNUMBER = {4362198},
       DOI = {10.1051/m2an/2021083},
       URL = {https://doi-org.pitt.idm.oclc.org/10.1051/m2an/2021083},
}

@article {Bukac-JCP,
    AUTHOR = {Buka\v{c}, M.},
     TITLE = {A loosely-coupled scheme for the interaction between a fluid,
              elastic structure and poroelastic material},
   JOURNAL = {J. Comput. Phys.},
  FJOURNAL = {Journal of Computational Physics},
    VOLUME = {313},
      YEAR = {2016},
     PAGES = {377--399},
      ISSN = {0021-9991},
   MRCLASS = {76Z05 (74F10 76S05 92C35)},
  MRNUMBER = {3481021},
       DOI = {10.1016/j.jcp.2016.02.051},
       URL = {https://doi-org.pitt.idm.oclc.org/10.1016/j.jcp.2016.02.051},
}

@article {Stokes-Biot-eye,
    AUTHOR = {Ruiz-Baier, Ricardo and Taffetani, Matteo and Westermeyer,
              Hans D. and Yotov, Ivan},
     TITLE = {The {B}iot-{S}tokes coupling using total pressure:
              formulation, analysis and application to interfacial flow in
              the eye},
   JOURNAL = {Comput. Methods Appl. Mech. Engrg.},
  FJOURNAL = {Computer Methods in Applied Mechanics and Engineering},
    VOLUME = {389},
      YEAR = {2022},
     PAGES = {Paper No. 114384, 30},
      ISSN = {0045-7825},
   MRCLASS = {65M60 (65M12 74F10 76S05 92C35)},
  MRNUMBER = {4353225},
       DOI = {10.1016/j.cma.2021.114384},
       URL = {https://doi-org.pitt.idm.oclc.org/10.1016/j.cma.2021.114384},
}

@article{byz2015,
author  = "M. Buka\v{c} and I. Yotov and P. Zunino",
title   = "An operator splitting approach for the interaction between a fluid and a multilayered poroelastic structure",
journal  = "Numer. Methods Partial Differential Equations",
fjournal = "Numerical Methods for Partial Differential Equations",
volume = {31},
year = {2015},
number = {4},
pages = {1054-1100}
}

@article {Bociu-etal-2021,
    AUTHOR = {Bociu, Lorena and Canic, Sun\v{c}ica and Muha, Boris and Webster,
              Justin T.},
     TITLE = {Multilayered poroelasticity interacting with {S}tokes flow},
   JOURNAL = {SIAM J. Math. Anal.},
  FJOURNAL = {SIAM Journal on Mathematical Analysis},
    VOLUME = {53},
      YEAR = {2021},
    NUMBER = {6},
     PAGES = {6243--6279},
      ISSN = {0036-1410},
   MRCLASS = {74F10 (74K20 74L15 76S05)},
  MRNUMBER = {4332970},
MRREVIEWER = {Vladimir Mityushev},
       DOI = {10.1137/20M1382520},
       URL = {https://doi-org.pitt.idm.oclc.org/10.1137/20M1382520},
}

@article {Seboldt-etal-2021,
    AUTHOR = {Seboldt, Anyastassia and Oyekole, Oyekola and Tamba\v{c}a, Josip
              and Buka\v{c}, Martina},
     TITLE = {Numerical modeling of the fluid-porohyperelastic structure
              interaction},
   JOURNAL = {SIAM J. Sci. Comput.},
  FJOURNAL = {SIAM Journal on Scientific Computing},
    VOLUME = {43},
      YEAR = {2021},
    NUMBER = {4},
     PAGES = {A2923--A2948},
      ISSN = {1064-8275},
   MRCLASS = {65M60 (65M12 76S05)},
  MRNUMBER = {4301411},
MRREVIEWER = {Guo-Dong Zhang},
       DOI = {10.1137/20M1386268},
       URL = {https://doi-org.pitt.idm.oclc.org/10.1137/20M1386268},
}

@article{fpsi-nitsche,
	title={Partitioning strategies for the interaction of a fluid with a poroelastic material based on a {N}itsche's coupling approach},
	author={Buka{\v{c}}, M and Yotov, Ivan and Zakerzadeh, Rana and Zunino, Paolo},
	journal={Comput. Methods Appl. Mech. Eng. },
	fjournal={Computer Methods in Applied Mechanics and Engineering},
	volume={292},
	pages={138--170},
	year={2015},
	publisher={Elsevier}
}

@article {HDG-SB,
    AUTHOR = {Cesmelioglu, Aycil and Lee, Jeonghun J. and Rhebergen, Sander},
     TITLE = {Hybridizable discontinuous {G}alerkin methods for the coupled
              {S}tokes-{B}iot problem},
   JOURNAL = {Comput. Math. Appl.},
  FJOURNAL = {Computers \& Mathematics with Applications. An International
              Journal},
    VOLUME = {144},
      YEAR = {2023},
     PAGES = {12--33},
      ISSN = {0898-1221,1873-7668},
   MRCLASS = {65M60 (35Q35 76S05)},
  MRNUMBER = {4598417},
       DOI = {10.1016/j.camwa.2023.05.024},
       URL = {https://doi.org/10.1016/j.camwa.2023.05.024},
}

@article{fpsi-msfmfe,
    AUTHOR = {Caucao, Sergio and Li, Tongtong and Yotov, Ivan},
     TITLE = {A multipoint stress-flux mixed finite element method for the
              {S}tokes-{B}iot model},
   JOURNAL = {Numer. Math.},
  FJOURNAL = {Numerische Mathematik},
    VOLUME = {152},
      YEAR = {2022},
    NUMBER = {2},
     PAGES = {411--473},
      ISSN = {0029-599X},
   MRCLASS = {65M60 (35M33 65M12 74F10)},
  MRNUMBER = {4487559},
MRREVIEWER = {Hao Dong},
       DOI = {10.1007/s00211-022-01310-2},
       URL = {https://doi-org.pitt.idm.oclc.org/10.1007/s00211-022-01310-2},
}

@article{fpsi-augmented,
    author = {Li, Tongtong and Caucao, Sergio and Yotov, Ivan},
    title = "{An augmented fully mixed formulation for the quasistatic {N}avierâ€“{S}tokesâ€“{B}iot model}",
    journal = {IMA J. Numer. Anal.},
    volume = {44},
    number = {2},
    pages = {1153-1210},
    year = {2023},
    month = {06},
    issn = {0272-4979},
    doi = {10.1093/imanum/drad036},
    url = {https://doi.org/10.1093/imanum/drad036},
    eprint = {https://academic.oup.com/imajna/article-pdf/44/2/1153/57185092/drad036.pdf},
}

@article {Causin-added-mass-effect,
    AUTHOR = {Causin, P. and Gerbeau, J. F. and Nobile, F.},
     TITLE = {Added-mass effect in the design of partitioned algorithms for
              fluid-structure problems},
   JOURNAL = {Comput. Methods Appl. Mech. Engrg.},
  FJOURNAL = {Computer Methods in Applied Mechanics and Engineering},
    VOLUME = {194},
      YEAR = {2005},
    NUMBER = {42-44},
     PAGES = {4506--4527},
      ISSN = {0045-7825,1879-2138},
   MRCLASS = {74F10 (74S30 76M25 76Z05 92C35)},
  MRNUMBER = {2157973},
       DOI = {10.1016/j.cma.2004.12.005},
       URL = {https://doi.org/10.1016/j.cma.2004.12.005},
}

@article {Badia-Robin-FSI,
    AUTHOR = {Badia, Santiago and Nobile, Fabio and Vergara, Christian},
     TITLE = {Fluid-structure partitioned procedures based on {R}obin
              transmission conditions},
   JOURNAL = {J. Comput. Phys.},
  FJOURNAL = {Journal of Computational Physics},
    VOLUME = {227},
      YEAR = {2008},
    NUMBER = {14},
     PAGES = {7027--7051},
      ISSN = {0021-9991,1090-2716},
   MRCLASS = {74F10 (65M06 74S30 76M25 76Z05)},
  MRNUMBER = {2435441},
MRREVIEWER = {Cornel\ Marius\ Murea},
       DOI = {10.1016/j.jcp.2008.04.006},
       URL = {https://doi.org/10.1016/j.jcp.2008.04.006},
}

@article {BDFG23,
    AUTHOR = {Burman, Erik and Durst, Rebecca and Fern\'{a}ndez, Miguel and
              Guzm\'{a}n, Johnny},
     TITLE = {Loosely coupled, non-iterative time-splitting scheme based on
              {R}obin-{R}obin coupling: unified analysis for
              parabolic/parabolic and parabolic/hyperbolic problems},
   JOURNAL = {J. Numer. Math.},
  FJOURNAL = {Journal of Numerical Mathematics},
    VOLUME = {31},
      YEAR = {2023},
    NUMBER = {1},
     PAGES = {59--77},
      ISSN = {1570-2820,1569-3953},
   MRCLASS = {65M12},
  MRNUMBER = {4557623},
       DOI = {10.1515/jnma-2021-0119},
       URL = {https://doi.org/10.1515/jnma-2021-0119},
}

@article {BDFG22,
    AUTHOR = {Burman, Erik and Durst, Rebecca and Guzm\'{a}n, Johnny},
     TITLE = {Stability and error analysis of a splitting method using
              {R}obin-{R}obin coupling applied to a fluid-structure
              interaction problem},
   JOURNAL = {Numer. Methods Partial Differential Equations},
  FJOURNAL = {Numerical Methods for Partial Differential Equations. An
              International Journal},
    VOLUME = {38},
      YEAR = {2022},
    NUMBER = {5},
     PAGES = {1396--1406},
      ISSN = {0749-159X,1098-2426},
   MRCLASS = {65M12 (65M15 65M22 76Mxx)},
  MRNUMBER = {4472747},
       DOI = {10.1002/num.22840},
       URL = {https://doi.org/10.1002/num.22840},
}

@article {BDFG22-discrete,
    AUTHOR = {Burman, Erik and Durst, Rebecca and Fern\'{a}ndez, Miguel A.
              and Guzm\'{a}n, Johnny},
     TITLE = {Fully discrete loosely coupled {R}obin-{R}obin scheme for
              incompressible fluid-structure interaction: stability and
              error analysis},
   JOURNAL = {Numer. Math.},
  FJOURNAL = {Numerische Mathematik},
    VOLUME = {151},
      YEAR = {2022},
    NUMBER = {4},
     PAGES = {807--840},
      ISSN = {0029-599X,0945-3245},
   MRCLASS = {65M60 (65M12 65M15)},
  MRNUMBER = {4453292},
MRREVIEWER = {Chuanjun\ Chen},
       DOI = {10.1007/s00211-022-01295-y},
       URL = {https://doi.org/10.1007/s00211-022-01295-y},
}

@article {Seb-Buc-FSI,
    AUTHOR = {Seboldt, Anyastassia and Buka\v{c}, Martina},
     TITLE = {A non-iterative domain decomposition method for the
              interaction between a fluid and a thick structure},
   JOURNAL = {Numer. Methods Partial Differential Equations},
  FJOURNAL = {Numerical Methods for Partial Differential Equations. An
              International Journal},
    VOLUME = {37},
      YEAR = {2021},
    NUMBER = {4},
     PAGES = {2803--2832},
      ISSN = {0749-159X,1098-2426},
   MRCLASS = {65M55 (74B05 74F10 76D05)},
  MRNUMBER = {4307019},
MRREVIEWER = {K.\ Kanakadurga},
       DOI = {10.1002/num.22771},
       URL = {https://doi.org/10.1002/num.22771},
}


@article {Boon-etal-precond,
    AUTHOR = {Boon, Wietse M. and Hornkj\o l, Martin and Kuchta, Miroslav
              and Mardal, Kent-Andr\'{e} and Ruiz-Baier, Ricardo},
     TITLE = {Parameter-robust methods for the {B}iot-{S}tokes interfacial
              coupling without {L}agrange multipliers},
   JOURNAL = {J. Comput. Phys.},
  FJOURNAL = {Journal of Computational Physics},
    VOLUME = {467},
      YEAR = {2022},
     PAGES = {Paper No. 111464, 25},
      ISSN = {0021-9991,1090-2716},
   MRCLASS = {65M60 (76M10)},
  MRNUMBER = {4455946},
       DOI = {10.1016/j.jcp.2022.111464},
       URL = {https://doi.org/10.1016/j.jcp.2022.111464},
}

@article {Canic-stent,
    AUTHOR = {\v{C}ani\'{c}, Sun\v{c}ica and Wang, Yifan and Buka\v{c},
              Martina},
     TITLE = {A next-generation mathematical model for drug-eluting stents},
   JOURNAL = {SIAM J. Appl. Math.},
  FJOURNAL = {SIAM Journal on Applied Mathematics},
    VOLUME = {81},
      YEAR = {2021},
    NUMBER = {4},
     PAGES = {1503--1529},
      ISSN = {0036-1399,1095-712X},
   MRCLASS = {76D05 (35Q74 35Q92 65N30)},
  MRNUMBER = {4292314},
MRREVIEWER = {El\'{\i}as\ Alfredo\ Gudi\~{n}o Rojas},
       DOI = {10.1137/20M1365144},
       URL = {https://doi.org/10.1137/20M1365144},
}

@article {Guidoboni-etal,
    AUTHOR = {Guidoboni, Giovanna and Glowinski, Roland and Cavallini,
              Nicola and Canic, Suncica},
     TITLE = {Stable loosely-coupled-type algorithm for fluid-structure
              interaction in blood flow},
   JOURNAL = {J. Comput. Phys.},
  FJOURNAL = {Journal of Computational Physics},
    VOLUME = {228},
      YEAR = {2009},
    NUMBER = {18},
     PAGES = {6916--6937},
      ISSN = {0021-9991,1090-2716},
   MRCLASS = {76Z05 (65M60 74F05 74L15 74S05 92C35)},
  MRNUMBER = {2567876},
       DOI = {10.1016/j.jcp.2009.06.007},
       URL = {https://doi.org/10.1016/j.jcp.2009.06.007},
}

@article {Fernandez,
    AUTHOR = {Fern\'andez, Miguel A.},
     TITLE = {Incremental displacement-correction schemes for incompressible
              fluid-structure interaction},
   JOURNAL = {Numer. Math.},
  FJOURNAL = {Numerische Mathematik},
    VOLUME = {123},
      YEAR = {2013},
    NUMBER = {1},
     PAGES = {21--65},
      ISSN = {0029-599X,0945-3245},
   MRCLASS = {65M60 (65M15 74F10 76M10)},
  MRNUMBER = {3004589},
MRREVIEWER = {Istv\'an\ Farag\'o},
       DOI = {10.1007/s00211-012-0481-9},
       URL = {https://doi.org/10.1007/s00211-012-0481-9},
}

@article {Gig-Verg,
    AUTHOR = {Gigante, Giacomo and Vergara, Christian},
     TITLE = {On the stability of a loosely-coupled scheme based on a
              {R}obin interface condition for fluid-structure interaction},
   JOURNAL = {Comput. Math. Appl.},
  FJOURNAL = {Computers \& Mathematics with Applications. An International
              Journal},
    VOLUME = {96},
      YEAR = {2021},
     PAGES = {109--119},
      ISSN = {0898-1221,1873-7668},
   MRCLASS = {65M60 (74F10 76B99 76Z05)},
  MRNUMBER = {4264760},
       DOI = {10.1016/j.camwa.2021.05.012},
       URL = {https://doi.org/10.1016/j.camwa.2021.05.012},
}

@article {Banks-etal,
    AUTHOR = {Banks, J. W. and Henshaw, W. D. and Schwendeman, D. W.},
     TITLE = {An analysis of a new stable partitioned algorithm for {FSI}
              problems. {P}art {I}: {I}ncompressible flow and elastic
              solids},
   JOURNAL = {J. Comput. Phys.},
  FJOURNAL = {Journal of Computational Physics},
    VOLUME = {269},
      YEAR = {2014},
     PAGES = {108--137},
      ISSN = {0021-9991,1090-2716},
   MRCLASS = {65M99 (74F10 76D07 76N99)},
  MRNUMBER = {3197683},
       DOI = {10.1016/j.jcp.2014.03.006},
       URL = {https://doi.org/10.1016/j.jcp.2014.03.006},
}

@article {Lukacova-etal,
    AUTHOR = {Luk\'a\v{c}ov\'a-Medvid'ov\'a, M. and Rusn\'akov\'a, G. and
              Hundertmark-Zau\v skov\'a, A.},
     TITLE = {Kinematic splitting algorithm for fluid-structure interaction
              in hemodynamics},
   JOURNAL = {Comput. Methods Appl. Mech. Engrg.},
  FJOURNAL = {Computer Methods in Applied Mechanics and Engineering},
    VOLUME = {265},
      YEAR = {2013},
     PAGES = {83--106},
      ISSN = {0045-7825,1879-2138},
   MRCLASS = {76Z05 (74F10 92C35)},
  MRNUMBER = {3093603},
MRREVIEWER = {Corina-\c Stefania\ Drapaca},
       DOI = {10.1016/j.cma.2013.05.025},
       URL = {https://doi.org/10.1016/j.cma.2013.05.025},
}

